@article{DBLP:journals/corr/abs-2006-11477,
  author       = {Alexei Baevski and
                  Henry Zhou and
                  Abdelrahman Mohamed and
                  Michael Auli},
  title        = {wav2vec 2.0: {A} Framework for Self-Supervised Learning of Speech
                  Representations},
  journal      = {CoRR},
  volume       = {abs/2006.11477},
  year         = {2020},
  url          = {https://arxiv.org/abs/2006.11477},
  eprinttype    = {arXiv},
  eprint       = {2006.11477},
  timestamp    = {Tue, 23 Jun 2020 17:57:22 +0200},
  biburl       = {https://dblp.org/rec/journals/corr/abs-2006-11477.bib},
  bibsource    = {dblp computer science bibliography, https://dblp.org}
}